@book{mo2010galaxy,
  title={Galaxy formation and evolution},
  author={Mo, Houjun and Van den Bosch, Frank and White, Simon},
  year={2010},
  publisher={Cambridge University Press}
}

@book{schneider2006extragalactic,
  title={Extragalactic Astronomy and Cosmology, by Peter Schneider},
  author={Schneider, P},
  year={2006},
  publisher={Berlin: Springer}
}

@book{carroll2014spacetime,
  title={Spacetime and Geometry, an introduction to general relativity.},
  author={Carroll, Sean},
  year={2014},
  publisher={London: Pearson}
}

@article{hubble1929relation,
  title={A relation between distance and radial velocity among extra-galactic nebulae},
  author={Hubble, Edwin},
  journal={Proceedings of the National Academy of Sciences},
  volume={15},
  number={3},
  pages={168--173},
  year={1929},
  publisher={National Acad Sciences}
}

@book{kolb2018early,
  title={The early universe},
  author={Kolb, Edward},
  year={2018},
  publisher={CRC Press}
}