@article{baer2015dark,
  title={Dark matter production in the early Universe: beyond the thermal WIMP paradigm},
  author={Baer, Howard and Choi, Ki-Young and Kim, Jihn E and Roszkowski, Leszek},
  journal={Physics Reports},
  volume={555},
  pages={1--60},
  year={2015},
  publisher={Elsevier}
}

@article{harigaya2014dark,
  title={Dark matter production in late time reheating},
  author={Harigaya, Keisuke and Kawasaki, Masahiro and Mukaida, Kyohei and Yamada, Masaki},
  journal={Physical Review D},
  volume={89},
  number={8},
  pages={083532},
  year={2014},
  publisher={APS}
}

@article{gelmini2010dm,
  title={DM production mechanisms},
  author={Gelmini, Graciela and Gondolo, Paolo},
  journal={arXiv preprint arXiv:1009.3690},
  year={2010}
}

@article{feng2010non,
  title={Non-WIMP candidates},
  author={Feng, Jonathan L},
  journal={arXiv preprint arXiv:1002.3828},
  year={2010}
}

@article{pani2018dark,
  title={Dark matter production in association with a single top-quark at the LHC in a two-Higgs-doublet model with a pseudoscalar mediator},
  author={Pani, Priscilla and Polesello, Giacomo},
  journal={Physics of the dark universe},
  volume={21},
  pages={8--15},
  year={2018},
  publisher={Elsevier}
}

@book{kolb2018early,
  title={The early universe},
  author={Kolb, Edward},
  year={2018},
  publisher={CRC Press}
}